@misc{python_bpm,
  author = {, Scaperot},
  title = {BPM Detector in Python},
  url = {https://github.com/scaperot/the-BPM-detector-python/blob/master/bpm_detection/bpm_detection.py},
  urldate = {2023-11-26},
  organization = {GitHub}
}

@misc{tzanetakis_audio,
  author = {Tzanetakis, George and Essl, Georg and Cook, Perry},
  title = {Audio Analysis using the Discrete Wavelet Transform},
  url = {https://soundlab.cs.princeton.edu/publications/2001_amta_aadwt.pdf},
  urldate = {2023-11-26}
}

@misc{ronneberger_2015_unet,
  author = {Ronneberger, Olaf and Fischer, Philipp and Brox, Thomas},
  month = {05},
  title = {U-Net: Convolutional Networks for Biomedical Image Segmentation},
  url = {https://arxiv.org/abs/1505.04597},
  year = {2015},
  organization = {arXiv.org}
}

@misc{hira_2023_audio,
  author = {Hira, Moto},
  title = {Audio Data Augmentation — Torchaudio nightly documentation},
  url = {https://pytorch.org/audio/main/tutorials/audio_data_augmentation_tutorial.html},
  year = {2023},
  organization = {pytorch.org}
}

@misc{melspectrogram,
  title = {MelSpectrogram — Torchaudio 2.2.0.dev20231126 documentation},
  url = {https://pytorch.org/audio/main/generated/torchaudio.transforms.MelSpectrogram.html},
  urldate = {2023-11-26},
  organization = {pytorch.org}
}

@misc{gtzan,
  author = {Sturm, Bob},
  title = {The GTZAN dataset: Its contents, its faults, their effects on evaluation, and its future use},
  url = {https://arxiv.org/pdf/1306.1461.pdf},
  year = {2013}
}